@book{Chollet,
author = "{Francois Chollet}",
title = "{Deep Learning with Python}",
publisher = "{Manning}",
year = "2018",
}

@book{neural2006,
	author = "{Altrichter Márta \& Horváth Gábor \& Pataki Béla \& Strausz György \& Takács Gábor \& Valyon József}",
	title = "{Neurális hálózatok}",
	year = "2006",
	publisher = "{Panem}",
	note = "[Szakkönyv]",
}

@online{wiki:plaidml,
	title = "PlaidML --- {Wikipedia}{,} The Free Encyclopedia",
	year = "2019. október 5.",
	url = "{\url{https://en.wikipedia.org/w/index.php?title=PlaidML&oldid=898300482}}"
}

@online{wiki:constfold,
	title = "Constant folding --- {Wikipedia}{,} The Free Encyclopedia",
	year = "2019. október 09.",
	howpublished = "\url{https://en.wikipedia.org/w/index.php?title=Constant_folding&oldid=914455114}"
}

@web{web:ngraph_intro,
	title = "Introduction -- Documentation for the {nGraph} Library and Compiler stack",
	year = "2019. október 08.",
	url = {https://ngraph.nervanasys.com/docs/latest/introduction.html},
}

@online{github:nGraph,
	title = "{ngraph}",
	year = "2019",
	publisher = "{GitHub}",
	journal = "{GitHub repository}",
	howpublished = "{\url{https://github.com/NervanaSystems/ngraph}}",
	commit = "{}"
}

@online{github:PlaidML,
    title = "PlaidML",
    year = "2019. október 20.",
    publisher = "GitHub repository",
    howpublished = 
    "{\url{https://github.com/plaidml/plaidml}}",
}

@web{web:PlaidML,
    title = "PlaidML -- Home",
    year = "2019. október 20.",
    publisher = "Vertex.AI.",
    howpublished =
    "{\url{https://vertexai-plaidml.readthedocs-hosted.com/en/stable/}}"
}

@web{web:GoogleEdge,
	title = "Edge TPU: Hands-On with Google’s Coral USB Accelerator",
	year= "2019. október 23.",
	howpublished=
	"{\url{https://heartbeat.fritz.ai/edge-tpu-google-coral-usb-accelerator-cf0d79c7ec56}}",
}

@article{mccullogh1943,
author = "{McCulloch, W.S. \& Pitts, W.}",
title = {A Logical Calculus of Ideas Immanent in Nervous Activity},
journal = {Bulletin of Mathematical Biophysics},
year = "1943",
volume = 5,
number = 115,
doi = {10.1007/BF02478259}
}

